<?xml version="1.0" encoding="UTF-8"?><record xmlns="http://www.loc.gov/MARC21/slim" xmlns:cinclude="http://apache.org/cocoon/include/1.0" xmlns:zs="http://www.loc.gov/zing/srw/">
  <leader>00660nz  a2200169n  4500</leader>
  <controlfield tag="001">nb2014019754</controlfield>
  <controlfield tag="003">DLC</controlfield>
  <controlfield tag="005">20140830050910.0</controlfield>
  <controlfield tag="008">140829n| azannaabn          |n aaa      </controlfield>
  <datafield tag="010" ind1=" " ind2=" ">
    <subfield code="a">nb2014019754</subfield>
  </datafield>
  <datafield tag="035" ind1=" " ind2=" ">
    <subfield code="a">(Uk)009120831</subfield>
  </datafield>
  <datafield tag="040" ind1=" " ind2=" ">
    <subfield code="a">Uk</subfield>
    <subfield code="b">eng</subfield>
    <subfield code="e">rda</subfield>
    <subfield code="c">Uk</subfield>
  </datafield>
  <datafield tag="100" ind1="1" ind2=" ">
    <subfield code="a">Castellarin, Attilio</subfield>
  </datafield>
  <datafield tag="372" ind1=" " ind2=" ">
    <subfield code="a">Civil engineering</subfield>
    <subfield code="a">Chemical engineering</subfield>
    <subfield code="a">Environmental engineering</subfield>
    <subfield code="2">lcsh</subfield>
  </datafield>
  <datafield tag="373" ind1=" " ind2=" ">
    <subfield code="a">UniversitaĚ di Bologna</subfield>
    <subfield code="2">naf</subfield>
  </datafield>
  <datafield tag="374" ind1=" " ind2=" ">
    <subfield code="a">Environmental engineers</subfield>
    <subfield code="2">lcsh</subfield>
  </datafield>
  <datafield tag="670" ind1=" " ind2=" ">
    <subfield code="a">Evolving water resources systems, 2014:</subfield>
    <subfield code="b">t.p. (Attilio Castellarin, DICAM, University of Bologna) preface (Department of Civil, Chemical, Environmental and Materials Engineering, DICAM)</subfield>
  </datafield>
</record>